@article{Liang2023,
      title={Encouraging Divergent Thinking in Large Language Models through Multi-Agent Debate}, 
      author={Tian Liang and Zhiwei He and Wenxiang Jiao and Xing Wang and Yan Wang and Rui Wang and Yujiu Yang and Zhaopeng Tu and Shuming Shi},
      year={2023},
      eprint={2305.19118},
	  journal={arXiv preprint arXiv:2305.19118},
      archivePrefix={arXiv},
      primaryClass={cs.CL}
},

@article{Xiong2023,
  title={Examining the Inter-Consistency of Large Language Models: An In-depth Analysis via Debate},
  author={Xiong, Kai and Ding, Xiao and Cao, Yixin and Liu, Ting and Qin, Bing},
  journal={arXiv e-prints},
  pages={arXiv--2305},
  year={2023}
},

@article{Du2023,
  title={Improving Factuality and Reasoning in Language Models through Multiagent Debate},
  author={Du, Yilun and Li, Shuang and Torralba, Antonio and Tenenbaum, Joshua B and Mordatch, Igor},
  journal={arXiv preprint arXiv:2305.14325},
  year={2023}
},

@article{Chan2023,
  title={Chateval: Towards better llm-based evaluators through multi-agent debate},
  author={Chan, Chi-Min and Chen, Weize and Su, Yusheng and Yu, Jianxuan and Xue, Wei and Zhang, Shanghang and Fu, Jie and Liu, Zhiyuan},
  journal={arXiv preprint arXiv:2308.07201},
  year={2023}
},

@inproceedings{Chisolm1911,
	title={Marcus Porcius Cato},
	booktitle={Encyclopedia Britannica},
	author={Hugh Chisholm},
	volume={5},
	edition={11},
	pages={535--536},
	year={1911}
},

@book{Astin1978,
  title={Cato the censor},
  author={Astin, Alan Edgar},
  year={1978},
  publisher={Oxford University Press}
},

@book{Morstein2021,
	title={Julius Caesar and the Roman People},
	DOI={10.1017/9781108943260},
	publisher={Cambridge University Press},
	author={Morstein-Marx, Robert},
	year={2021}
},

@article{Wallace1974,
  title={Ephialtes and the Areopagos},
  author={Wallace, Robert W.},
  journal={Greek, Roman, and Byzantine Studies},
  volume={15},
  number={3},
  pages={259--269},
  year={1974}
},

@BOOK{McCullough2008,
  title     = "John Adams",
  author    = "McCullough, David",
  publisher = "Simon \& Schuster",
  year      =  {2008},
  address   = "New York, NY"
},

@article{Skemp1998,
  title={Benjamin Franklin, Patriot, and William Franklin, Loyalist},
  author={Skemp, Sheila L},
  journal={Pennsylvania History: A Journal of Mid-Atlantic Studies},
  volume={65},
  number={1},
  pages={35--45},
  year={1998},
  publisher={JSTOR}
},

@BOOK{Field1969,
  title     = "Philosophy of Plato",
  author    = "Field, G C",
  publisher = "Oxford University Press",
  series    = "Opus Books",
  edition   =  {2nd},
  year      =  {1969},
  address   = "London, England",
  language  = "en"
}
